<?xml version="1.0" encoding="UTF-8"?><collection xmlns="http://www.loc.gov/MARC21/slim"><record><leader>00567nam--2200133-i-4500</leader><controlfield tag="001">000021490</controlfield><controlfield tag="002">20161230</controlfield><controlfield tag="005">20161230201034</controlfield><controlfield tag="008">060222s1000------------r-----000-0-eng-d</controlfield><datafield ind1=" " ind2=" " tag="080"><subfield code="a">669.17</subfield></datafield><datafield ind1=" " ind2=" " tag="100"><subfield code="a">Grossmann, M.A</subfield></datafield><datafield ind1=" " ind2=" " tag="245"><subfield code="a">Principles of heat treatment. a series of educational lectures on the principles of heat treatment of steels, first presented to members of the a.s.m. during the seventeenth national metal congress and exposition, chicago, 1935, and later extended to ..</subfield></datafield><datafield ind1=" " ind2=" " tag="260"><subfield code="a">Cleveland, Ohio, American Society For Metals, 1935. 244p</subfield></datafield><datafield ind1=" " ind2=" " tag="852"><subfield code="a">5128</subfield></datafield></record></collection>